@Article{Erich:1995design,
  title="Design patterns: elements of reusable object-oriented software",
  author="Erich, G. and Richard, H. and Ralph, J. and John, V.",
  journal="Reading: Addison Wesley Publishing Company",
  year="1995"
}
